@incollection{J.M.Goicolea-Ruigomez2008,
author = {Goicolea, Jose M. and Gabald{\'{o}}n, Felipe},
booktitle = {Dynamics of High-Speed Railway Bridges},
chapter = {2},
editor = {Delgado, Raimundo and Calcada, Rui and Goicolea, Jose Maria and Gabaldon, Felipe},
pages = {10},
title = {{Design issues related to dynamic effects for high speed railway bridges in Spain}},
year = {2008}
}
